% Encoding: UTF-8

@Article{Negri1999,
  author  = {Emanuela De Negri},
  title   = {\emph{Toric rings generated by special stable sets of monomial}},
  journal = {\emph{Mathematische Nachrichten}},
  year    = {1999},
  volume  = {203},
  pages   = {31-45},
}

@Article{Bruns2017,
  author        = {Bruns, Winfried and Conca, Aldo},
  title         = {\emph{Linear Resolutions of Powers and Products}},
  journal       = {\emph{Singularities and Computer Algebra}},
  month         = {03},
  year          = {2017},
  __markedentry = {[shashanksule:]},
  pages         = {47-69},
}



@Book{Ene,
  title         = {Gr{\"o}bner Bases in Commutative Algebra},
  publisher     = {American Mathematical Society},
  author        = {Ene, V. and Herzog, J.},
  series        = {Graduate studies in mathematics},
  isbn          = {9780821883266},
  __markedentry = {[shashanksule:6]},
  url           = {https://books.google.com/books?id=SiQeyyN0MPEC},
}

@Book{Sturmfels1996,
  title     = {{Gr{\"o}bner Bases and Convex Polytopes}},
  publisher = {American Mathematical Society},
  year      = {1996},
  author    = {Bernd Sturmfels},
  volume    = {8},
  series    = {University Lecture Series},
  address   = {Providence, RI},
}

@Article{DiPasquale2017,
  author  = {{Michael DiPasquale, Christopher A. Francisco, Jeffrey Mermin, Jay Schweig, and Gabriel Sosa}},
  title   = {{The Rees algebra of a two-Borel ideal is Koszul}},
  journal = {\emph{To appear on the} Proceeding of the American Mathematical Society 2018},
  year    = {2017},
}


